@BOOK{8186618,
  author={Dvir, Zeev},
  booktitle={Incidence Theorems and Their Applications},
  year={2012},
  volume={},
  number={},
  pages={},
  keywords={},
  doi={10.1561/0400000056}}